<record><leader>00000cas a22000007a 4500</leader><controlfield tag="001">9598282</controlfield><controlfield tag="008">830611d18261827ohuwr ne      0    0eng d</controlfield><datafield ind1=" " ind2=" " tag="010"><subfield code="a">sn 83035200 </subfield></datafield><datafield ind1=" " ind2=" " tag="040"><subfield code="a">NPY</subfield><subfield code="b">eng</subfield><subfield code="c">NPY</subfield><subfield code="d">NPX</subfield><subfield code="d">OCLCQ</subfield></datafield><datafield ind1=" " ind2=" " tag="042"><subfield code="a">msc</subfield></datafield><datafield ind1="0" ind2="0" tag="245"><subfield code="a">Western journal and weekly advertiser.</subfield></datafield><datafield ind1=" " ind2=" " tag="260"><subfield code="a">Ashtabula, Ohio :</subfield><subfield code="b">A.S. Park &amp; Co.</subfield></datafield><datafield ind1=" " ind2=" " tag="300"><subfield code="a">v. ;</subfield><subfield code="c">46 cm.</subfield></datafield><datafield ind1=" " ind2=" " tag="310"><subfield code="a">Weekly</subfield></datafield><datafield ind1="1" ind2=" " tag="362"><subfield code="a">Began in 1826; ceased in 1827?</subfield><subfield code="z">Cf. Gregory, W. Amer. newspapers.</subfield></datafield><datafield ind1=" " ind2=" " tag="588"><subfield code="a">Description based on: Vol. 1, no. 6 (July 20, 1826).</subfield></datafield><datafield ind1="1" ind2=" " tag="700"><subfield code="a">Park, Archibald S.</subfield></datafield><datafield ind1=" " ind2=" " tag="752"><subfield code="a">United States</subfield><subfield code="b">Ohio</subfield><subfield code="c">Ashtabula</subfield><subfield code="d">Ashtabula.</subfield></datafield><datafield ind1="0" ind2="0" tag="780"><subfield code="t">Ashtabula recorder</subfield><subfield code="w">(DLC)sn 83035203</subfield></datafield><datafield ind1="0" ind2="0" tag="785"><subfield code="t">Western journal (Ashtabula, Ohio : 1828)</subfield><subfield code="w">(DLC)sn 83035201</subfield></datafield><datafield ind1="1" ind2=" " tag="029"><subfield code="a">AU@</subfield><subfield code="b">000025839834</subfield></datafield></record>